@article{huiskenmonoton,
  title={Asymptotic-behavior for singularities of the mean-curvature flow},
  author={Huisken, G.},
  journal={Journal of Differential Geometry},
  volume={31},
  number={1},
  pages={285--299},
  year={1990}
}

@article{schoen,
  title={Uniqueness, symmetry, and embeddedness of minimal surfaces},
  author={Schoen, Richard M and others},
  journal={Journal of Differential Geometry},
  volume={18},
  number={4},
  pages={791--809},
  year={1983},
  publisher={Lehigh University}
}

@article{huisken1999convexity,
  title={Convexity estimates for mean curvature flow and singularities of mean convex surfaces},
  author={Huisken, G. and Sinestrari, C.},
  journal={Acta mathematica},
  volume={183},
  number={1},
  pages={45--70},
  year={1999},
  publisher={Springer}
}

@article{andrews1994contraction,
  title={Contraction of convex hypersurfaces in Riemannian spaces},
  author={Andrews, B.},
  journal={J. Differential Geom.},
  volume={39},
  number={2},
  pages={407--431},
  year={1994},
  publisher={Lehigh University}
}

@article{schoen1983uniqueness,
  title={Uniqueness, symmetry, and embeddedness of minimal surfaces},
  author={Schoen, R.},
  journal={Journal of Differential Geometry},
  volume={18},
  number={4},
  pages={791--809},
  year={1983},
  publisher={Lehigh University}
}

@article{lopez2014capillarycone,
  title={Capillary surfaces in a cone},
  author={L{\'o}pez, Rafael and Pyo, Juncheol},
  journal={Journal of Geometry and Physics},
  volume={76},
  pages={256--262},
  year={2014},
  publisher={Elsevier}
}

@article{lopez2014capillary,
  title={Capillary surfaces of constant mean curvature in a right solid cylinder},
  author={L{\'o}pez, Rafael and Pyo, Juncheol},
  journal={Mathematische Nachrichten},
  volume={287},
  number={11-12},
  pages={1312--1319},
  year={2014},
  publisher={Wiley Online Library}
}

@article{vogel1988uniqueness,
  title={Uniqueness for certain surfaces of prescribed mean curvature},
  author={Vogel, Thomas},
  journal={Pacific Journal of Mathematics},
  volume={134},
  number={1},
  pages={197--207},
  year={1988},
  publisher={Mathematical Sciences Publishers}
}

@article{choe2011capillary,
  title={Capillary surfaces in a convex cone},
  author={Choe, Jaigyoung and Park, Sung-Ho},
  journal={Mathematische Zeitschrift},
  volume={267},
  number={3-4},
  pages={875--886},
  year={2011},
  publisher={Springer}
}
@article{li2017gap,
  title={A gap theorem for free boundary minimal surfaces in geodesic balls of hyperbolic space and hemisphere},
  author={Li, Haizhong and Xiong, Changwei},
  journal={arXiv preprint arXiv:1701.04981},
  year={2017}
}
@article{simons,
  title={Minimal varieties in Riemannian manifolds},
  author={Simons, James},
  journal={Annals of Mathematics},
  pages={62--105},
  year={1968}
}
@article{brendle2012,
  title={A sharp bound for the area of minimal surfaces in the unit ball},
  author={Brendle, Simon},
  journal={Geometric and Functional Analysis},
  volume={22},
  number={3},
  pages={621--626},
  year={2012},
  publisher={Springer}
}
@article{aarons2006mean,
  title={Mean curvature flow with a forcing term in Minkowski space},
  author={Aarons, Mark AS},
  journal={Calculus of Variations and Partial Differential Equations},
  volume={25},
  number={2},
  pages={205--246},
  year={2006},
  publisher={Springer}
}
@article{fraser2014uniqueness,
  title={Uniqueness Theorems for Free Boundary Minimal Disks in Space Forms.},
  author={Fraser, Ailana and Schoen, Richard},
  journal={International Mathematics Research Notices},
  volume={2015},
  number={17},
  year={2015},
  publisher={Oxford University Press}
}

@article{edelen2014convexity,
  title={Convexity estimates for mean curvature flow with free boundary},
  author={Edelen, N.},
  journal={arXiv preprint arXiv:1411.3864},
  year={2014}
}


@article{andrewswheeler,
  title={Counterexamples to graph presetvation in mean curvature flow with free boundary},
  author={Andrews, B.and Wheeler, V.-M.},
  journal={preprint},
  year={2016}
}

@article{lambert2014perpendicular,
  title={The perpendicular Neumann problem for mean curvature flow with a timelike cone boundary condition},
  author={Lambert, B.},
  journal={Transactions of the American Mathematical Society},
  volume={366},
  number={7},
  pages={3373--3388},
  year={2014}
}

@article{ambrozio2016comparing,
  title={Comparing the Morse index and the first Betti number of minimal hypersurfaces},
  author={Ambrozio, Lucas and Carlotto, Alessandro and Sharp, Ben},
  journal={arXiv preprint arXiv:1601.08152},
  year={2016}
}

@article{ambrozio2016index,
  title={Index estimates for free boundary minimal hypersurfaces},
  author={Ambrozio, Lucas and Carlotto, Alessandro and Sharp, Ben},
  journal={Mathematische Annalen},
  pages={1--16},
  year={2016},
  publisher={Springer}
}

@article{brendle2013embedded,
  title={Embedded minimal tori in $\mathbb{S}^3$ and the {L}awson conjecture},
  author={Brendle, Simon},
  journal={Acta Mathematica},
  volume={211},
  number={2},
  pages={177--190},
  year={2013},
  publisher={Springer}
}

@article{smith2017morse,
  title={On the Morse index of higher-dimensional free boundary minimal catenoids},
  author={Smith, Graham and Stern, Ari and Tran, Hung and Zhou, Detang},
  journal={arXiv preprint arXiv:1709.00977},
  year={2017}
}

@article{tran2016index,
  title={Index characterization for free boundary minimal surfaces},
  author={Tran, Hung},
  journal={arXiv preprint arXiv:1609.01651},
  year={2016}
}

@book{federer1969geometric,
  title={Geometric measure theory},
  author={Federer, Herbert},
  year={1969},
  publisher={Springer}
}

@article{lambert2012constant,
  title={The constant angle problem for mean curvature flow inside rotational tori},
  author={Lambert, B.},
  journal={arXiv preprint arXiv:1207.4422},
  year={2012}
}

@article{stahl1996convergence,
  title={Convergence of solutions to the mean curvature flow with a Neumann boundary condition},
  author={Stahl, Axel},
  journal={Calculus of Variations and Partial Differential Equations},
  volume={4},
  number={5},
  pages={421--441},
  year={1996},
  publisher={Springer}
}

@article{stahl1996res,
  title={{Regularity estimates for solutions to the mean curvature flow with a Neumann boundary condition}},
  author={Stahl, A.},
  journal={Calc. Var. Partial Differential Equations},
  volume={4},
  number={4},
  pages={385--407},
  year={1996},
  publisher={Springer}
}

@article{huisken1990asymptotic,
  title={Asymptotic behavior for singularities of the mean curvature flow},
  author={Huisken, G.},
  journal={J. Differential Geom.},
  volume={31},
  number={1},
  pages={285--299},
  year={1990}
}
@article{ecker2001local,
  title={A local monotonicity formula for mean curvature flow},
  author={Ecker, K.},
  journal={Ann. of Math. (2)},
  pages={503--525},
  year={2001},
  publisher={JSTOR}
}

@article{huisken1986cch,
  title={{Contracting convex hypersurfaces in Riemannian manifolds by their mean curvature}},
  author={Huisken, G.},
  journal={Invent. Math.},
  volume={84},
  number={3},
  pages={463--480},
  year={1986},
  publisher={Springer-Verlag GmbH}
}
@article{nitsche1985,
  title={Stationary partitioning of convex bodies},
  author={Nitsche, Johannes C C},
  journal={Archive for rational mechanics and analysis},
  volume={89},
  number={1},
  pages={1--19},
  year={1985},
  publisher={Springer}
}
@article{lieberman1986fib,
  title={{The first initial-boundary value problem for quasilinear second order parabolic equations}},
  author={Lieberman, G.M.},
  journal={Ann. Sc. Norm. Super. Pisa Cl. Sci. (4)},
  volume={13},
  number={3},
  pages={347--387},
  year={1986}
}

@article{guan1996mean,
  title={{Mean curvature motion of nonparametric hypersurfaces with contact angle condition}},
  author={Guan, B.},
  journal={Elliptic and parabolic methods in geometry},
  pages={47},
  year={1996},
  publisher={AK Peters, Ltd.}
}

@article{serrin1969pdq,
  title={{The problem of Dirichlet for quasilinear elliptic equations with many independent variables}},
  author={Serrin, J.},
  journal={Philos. Trans. R. Soc. Lond. Ser. A Math. Phys. Engl. Sci.},
  volume={264},
  pages={413--496},
  year={1969},
  publisher={The Royal Society}
}

@article{jenkins1968dpm,
  title={{The Dirichlet problem for the minimal surface equation in higher dimensions}},
  author={Jenkins, H. and Serrin, J.},
  journal={J. Reine Angew. Math.},
  volume={229},
  pages={170--187},
  year={1968},
  publisher={Walter de Gruyter}
}
@article{GLZ2017,
  title={Curvature estimates for stable free boundary minimal hypersurfaces},
  author={Li, Martin and Zhou, Xin},
  journal={arXiv preprint arXiv:1611.02605},
  year={2016}
}
@article{sargent2016,
  title={Index bounds for free boundary minimal surfaces of convex bodies},
  author={Sargent, Pam},
  journal={arXiv preprint arXiv:1605.09143},
  year={2016}
}
@article{schoen1981,
  title={Regularity of stable minimal hypersurfaces},
  author={Schoen, Richard and Simon, Leon},
  journal={Communications in Pure and Applied Mathematics},
  volume={34},
  number={6},
  pages={741--797},
  year={1981},
  publisher={Wiley Online Library}
}
@book{pitts,
  title={Existence and Regularity of Minimal Surfaces on Riemannian Manifolds},
  series={Mathematical Notes},
  volume={27},
  author={Pitts, Jon T},
  year={1981},
  publisher={Princeton University Press}
}
@article{almgren2,
  title={The theory of varifolds},
  author={Almgren, Frederick J},
  journal={Mimeographed notes, Princeton},
  year={1965}
}
@article{almgren1,
  title={The homotopy groups of the integral cycle groups},
  author={Almgren, Frederick J},
  journal={Topology},
  volume={1},
  number={4},
  pages={257--299},
  year={1962},
  publisher={Elsevier}
}
@article{li2016min,
  title={Min-max theory for free boundary minimal hypersurfaces I-regularity theory},
  author={Li, Martin and Zhou, Xin},
  journal={arXiv preprint arXiv:1611.02612},
  year={2016}
}
@article{monspad2017,
  title={On an isoperimetric-isodiametric inequality},
  author={Mondino, Andrea and Spadaro, Emanuele},
  journal={Analysis \& PDE},
  volume={10},
  number={1},
  pages={95--126},
  year={2017},
  publisher={Mathematical Sciences Publishers}
}

@article{edmunds1971dpm,
  title={{The Dirichlet problem for the minimal surface equation in higher dimensions}},
  author={Edmunds, D. E. and Peletier, L. A },
  journal={Ann. Sc. Norm. Super. Pisa Cl. Sci.},
  volume={25},
  number={3},
  pages={397--421},
  year={1971}
}

@article{trudinger1972bge,
  title={{The boundary gradient estimate for quasilinear elliptic and parabolic differential equations}},
  author={Trudinger, N.S.},
  journal={Indiana Univ. Math. J.},
  volume={21},
  pages={657--670},
  year={1972}
}

@article{buckland2005mcf,
  title={{Mean curvature flow with free boundary on smooth hypersurfaces}},
  author={Buckland, J.A.},
  journal={J. Reine Angew. Math.},
  volume={586},
  pages={71--90},
  year={2005},
  publisher={Walter de Gruyter}
}

@article{huisken1984flow,
  title={{Flow by mean curvature of convex surfaces into spheres}},
  author={Huisken, G.},
  journal={J. Differential Geom.},
  volume={20},
  number={1},
  pages={237--266},
  year={1984}
}

@article{huisken1989npm,
  title={{Non-parametric mean curvature evolution with boundary conditions}},
  author={Huisken, G.},
  journal={J. Differential Equations},
  volume={77},
  pages={369--378},
  year={1989},
  publisher={Lehigh University}
}

@article{ecker1991ieh,
  title={{Interior estimates for hypersurfaces moving by mean curvature}},
  author={Ecker, K. and Huisken, G.},
  journal={Invent. Math.},
  volume={105},
  number={1},
  pages={547--569},
  year={1991},
  publisher={Springer-Verlag GmbH}
}

@article{ecker1989mce,
  title={{Mean curvature evolution of entire graphs}},
  author={Ecker, Klaus and Huisken, Gerhard},
  journal={Annals of Mathematics},
  volume={130},
  number={2},
  pages={453--471},
  year={1989}
}

@article{altschuler1994,
  title={{Translating surfaces of the non-parametric mean curvature flow with prescribed contact angle}},
  author={Altschuler, S.J. and Wu, L.F.},
  journal={Calc. Var. Partial Differential Equations},
  volume={2},
  pages={101--111},
  year={1994}
}

@book{protter1984mpd,
  title={{Maximum Principles in Differential Equations}},
  author={Protter, M.H. and Weinberger, H.F.},
  year={1984},
  publisher={Springer}
}


@book{lieberman1996second,
  title={{Second order parabolic differential equations}},
  author={Lieberman, G.M.},
  year={1996},
  publisher={World Scientific Pub. Co. Inc.}
}

@article{angenent1989d,
  title={{Shrinking doughnuts}},
  author={Angenent, S.B.},
  journal={Proc. of the Conf. on Elliptic and Parabolic Equations held at Gregynoy, Wales},
  volume={},
  number={},
  pages={},
  year={1989}
}

@book{giusti1984minimal,
  title={{Minimal surfaces and functions of bounded variation}},
  author={Giusti, E.},
  year={1984},
  publisher={Birkhauser}
}

@article{chopp1994computation,
  title={{Computation of self-similar solutions for mean curvature flow}},
  author={Chopp, D.L.},
  journal={Experiment. Math.},
  volume={3},
  number={1},
  pages={1--15},
  year={1994}
}

@article{hamilton1975harmonic,
  title={{Harmonic maps of manifolds with boundary}},
  author={Hamilton, R.},
  journal={Lecture notes in Math.},
  volume={471},
  pages={304--318},
  year={1975}
}

@book{ladyshenzkaya1968parabolic,
  title={{Linear and quasilinear equations of parabolic type, Translations of Mathematical Monographs, Band 23}},
  author={Ladyshenzkaya, O.A. and Solonnikov, V.A. and Ural�ceva, N.N.},
  year={1968},
  publisher={Amer. Math. Soc., Rhode Island}
}

@book{ladyshenzkaya1968elliptic,
  title={{Linear and qusilinear elliptic equations, Izd. Nauk, Moscow, 1964}},
  author={Ladyshenzkaya, O.A. and Ural�ceva, N.N.},
  publisher={Academic Press, New York},
  year={1968}
}

@book{do1992riemannian,
  title={{Riemannian geometry}},
  author={Do Carmo, M.P.},
  year={1992},
  publisher={Birkhauser}
}

@article{priwitzer2003mean,
  title={{Mean Curvature Flow with Dirichlet Boundary Conditions in Riemannian Manifolds with Symmetries}},
  author={Priwitzer, B.},
  journal={Ann. Global Anal. Geom.},
  volume={23},
  number={2},
  pages={157--171},
  year={2003},
  publisher={Springer}
}

@article{schoen1979existence,
  title={Existence of incompressible minimal surfaces and the topology of three dimensional manifolds with non-negative scalar curvature},
  author={Schoen, R. and Yau, S.-T.},
  journal={Annals of Mathematics},
  volume={110},
  number={1},
  pages={127--142},
  year={1979},
  publisher={JSTOR}
}

@article{freire2010mean,
  title={Mean curvature motion of graphs with constant contact angle at a free boundary},
  author={Freire, A.},
  journal={Analysis \& PDE},
  volume={3},
  number={4},
  pages={359--407},
  year={2010},
  publisher={Mathematical Sciences Publishers}
}

@article{fraser2011first,
  title={The first Steklov eigenvalue, conformal geometry, and minimal surfaces},
  author={Fraser, Ailana and Schoen, Richard},
  journal={Advances in Mathematics},
  volume={226},
  number={5},
  pages={4011--4030},
  year={2011},
  publisher={Elsevier}
}

@article{gruter1981boundary,
  title={On the boundary behavior of minimal surfaces with a free boundary which are not minima of the area},
  author={Gr{\"u}ter, M. and Hildebrandt, S. and Nitsche, J. CC},
  journal={manuscripta mathematica},
  volume={35},
  number={3},
  pages={387--410},
  year={1981},
  publisher={Springer}
}

@article{hildebrandt1979minimal,
  title={Minimal surfaces with free boundaries},
  author={Hildebrandt, S. and Nitsche, J. CC},
  journal={Acta Mathematica},
  volume={143},
  number={1},
  pages={251--272},
  year={1979},
  publisher={Springer}
}


@article{ambrozio2016gap,
  title={A gap theorem for free boundary minimal surfaces in the three-ball},
  author={Ambrozio, Lucas and Nunes, Ivaldo},
  journal={arXiv preprint arXiv:1608.05689},
  year={2016}
}

@article{jager1970behavior,
  title={Behavior of minimal surfaces with free boundaries},
  author={J{\"a}ger, W.},
  journal={Communications on Pure and Applied Mathematics},
  volume={23},
  number={5},
  pages={803--818},
  year={1970},
  publisher={Wiley Online Library}
}

@book{courant2005dirichlet,
  title={Dirichlet's principle, conformal mapping, and minimal surfaces},
  author={Courant, R.},
  year={2005},
  publisher={Courier Corporation}
}

@article{fraser2012sharp,
  title={Sharp eigenvalue bounds and minimal surfaces in the ball},
  author={Fraser, Ailana and Schoen, Richard},
  journal={Inventiones mathematicae},
  pages={1--68},
  year={2012},
  publisher={Springer}
}

@article{andrews2015embedded,
  title={Embedded constant mean curvature tori in the three-sphere},
  author={Andrews, B. and Li, H.},
  journal={Journal of Differential Geometry},
  volume={99},
  number={2},
  pages={169--189},
  year={2015},
  publisher={Lehigh University}
}

@article{nitsche1965new,
  title={On new results in the theory of minimal surfaces},
  author={Nitsche, J. C.C.},
  journal={Bulletin of the American Mathematical Society},
  volume={71},
  number={2},
  pages={195--270},
  year={1965}
}

@book{colding2011course,
  title={A course in minimal surfaces},
  author={Colding, T. H. and Minicozzi, W. P.},
  volume={121},
  year={2011},
  publisher={American Mathematical Soc.}
}

@article{colding2004space,
  title={The space of embedded minimal surfaces of fixed genus in a 3-manifold IV; Locally simply connected},
  author={Colding, T. H. and Minicozzi, W. P.},
  journal={Annals of mathematics},
  volume={160},
  number={2},
  pages={573--615},
  year={2004},
  publisher={JSTOR}
}

@article{choe1992sharp,
  title={The sharp isoperimetric inequality for minimal surfaces with radially connected boundary in hyperbolic space},
  author={Choe, J. and Gulliver, R.},
  journal={Inventiones mathematicae},
  volume={109},
  number={1},
  pages={495--503},
  year={1992},
  publisher={Springer}
}

@article{choe1990isoperimetric,
  title={The isoperimetric inequality for a minimal surface with radially connected boundary},
  author={Choe, J.},
  journal={Annali della Scuola Normale Superiore di Pisa-Classe di Scienze},
  volume={17},
  number={4},
  pages={583--593},
  year={1990}
}

@article{lawson1970complete,
  title={Complete minimal surfaces in S3},
  author={Lawson, H. B.},
  journal={Annals of Mathematics},
  pages={335--374},
  year={1970},
  publisher={JSTOR}
}

@article{schoen1970infinite,
  title={Infinite periodic minimal surfaces without self-intersections},
  author={Schoen, A. H.},
  year={1970}
}

@book{giusti1984minimal,
  title={Minimal surfaces and functions of bounded variation},
  author={Giusti, E.},
  number={80},
  year={1984},
  publisher={Springer Science \& Business Media}
}

@book{osserman2002survey,
  title={A survey of minimal surfaces},
  author={Osserman, R.},
  year={2002},
  publisher={Courier Corporation}
}

@book{ecker2004rtm,
  title={{Regularity Theory for Mean Curvature Flow}},
  author={Ecker, K.},
  year={2004},
  publisher={Birkhauser}
}

@phdthesis{thesisstahl,
  title={{\"Uber den mittleren Kr\"ummungsfluss mit Neumannrandwerten auf glatten Hyperfl\"achen}},
  author={Stahl, Axel},
  school={Fachbereich Mathematik, Eberhard-Karls-Universit\"at, T\"uebingen, Germany},
  year={1994}
}

@phdthesis{leithesis,
  title={{Translating graphs by mean curvature flow}},
  author={Shahriyari, L.},
  school={The John Hopkins University, Baltimore, Maryland, USA},
  year={2012}
}

@article{coldingminicozzi2004,
  title={{Sharp estimates for mean curvature flow of graphs}},
  author={Colding, T. and Minicozzi, W.P.},
  journal={J. Reine Angew. Math.},
  volume={574},
  pages={187--195},
  year={2004},
  publisher={Walter de Gruyter}
}

@article{hopf1952remark,
  title={{A remark on linear elliptic differential equations of second order}},
  author={Hopf, E.},
  journal={Proc. Amer. Math. Soc.},
  volume={3},
  number={5},
  pages={791--793},
  year={1952},
  publisher={Amer. Math. Soc.}
}

@book{brakke1978motion,
  title={{The motion of a surface by its mean curvature}},
  author={Brakke, K.A.},
  year={1978},
  publisher={Princeton University Press Princeton, NJ}
}

@article{gage1984curve,
  title={{Curve shortening makes convex curves circular}},
  author={Gage, M.E.},
  journal={Invent. Math.},
  volume={76},
  number={2},
  pages={357--364},
  year={1984},
  publisher={Springer}
}

@article{gage1986heat,
  title={{The heat equation shrinking convex plane curves}},
  author={Gage, M. and Hamilton, R.S.},
  journal={J. Differential Geom.},
  volume={23},
  number={1},
  pages={69--96},
  year={1986},
  publisher={Lehigh University}
}

@article{grayson1987heat,
  title={{The heat equation shrinks embedded plane curves to round points}},
  author={Grayson, M.},
  journal={J. Differential Geom.},
  volume={26},
  pages={285--314},
  year={1987},
  publisher={Lehigh University}
}

@phdthesis{stone1994singular,
  title={{Singular and boundary behavior in the mean curvature flow of hypersurfaces}},
  author={Stone, A.G.},
  school={Stanford Univeristy},
  year={1994}
}

@article{stone1996boundary,
  title={{A boundary regularity theorem for mean curvature flow}},
  author={Stone, A.},
  journal={J. Differential Geom.},
  volume={44},
  number={2},
  pages={371--434},
  year={1996},
  publisher={Lehigh University}
}


@article{gr�ter1984allard,
  title={{Allard type regularity results for varifolds with free boundaries}},
  author={Gr\"uter, M. and Jost, J.},
  journal={Ann. Sc. Norm. Super. Pisa Cl. Sci. (4)},
  volume={13},
  number={1},
  pages={129--169},
  year={1986}
}

@article{mullins1956two,
  title={{Two-Dimensional Motion of Idealized Grain Boundaries}},
  author={Mullins, W.W.},
  journal={Journal of Applied Physics},
  volume={27},
  pages={900},
  year={1956}
}

@phdthesis{koeller2007singular,
  title={{On the Singularity Sets of Minimal Surfaces and a Mean Curvature Flow}},
  author={Koeller, A.},
  school={Freie Universit\"at Berlin},
  year={2007}
}

@phdthesis{vulcanov2011mean,
  title={Mean curvature flow of graphs with free boundaries},
  author={Vulcanov, V.-M.},
  year={2011},
  school={Freie Universit{\"a}t Berlin}
}

@article{wheeler2014meanhyperplane,
  title={Mean curvature flow of entire graphs in a half-space with a free boundary},
  author={Wheeler, V.-M.},
  journal={Journal f{\"u}r die reine und angewandte Mathematik (Crelles Journal)},
  volume={2014},
  number={690},
  pages={115--131},
  year={2014}
}

@article{wheeler2016mean,
  title={Mean curvature flow with free boundary in embedded cylinders or cones and uniqueness results for minimal hypersurfaces},
  author={Wheeler, V.-M.},
  journal={arXiv preprint arXiv:1605.09098},
  year={2016}
}

@article{sharples2004linear,
  title={Linear and quasilinear parabolic equations in Sobolev space},
  author={Sharples, J.J.},
  journal={Journal of Differential Equations},
  volume={202},
  number={1},
  pages={111--142},
  year={2004},
  publisher={Elsevier}
}

@article{poppenberg2003nash,
  title={Nash-Moser techniques for nonlinear boundary-value problems},
  author={Poppenberg, M.},
  journal={Electronic Journal of Differential Equations},
  volume={2003},
  number={54},
  pages={1--33},
  year={2003}
}

@article{griepentrog2010local,
  title={Local existence, uniqueness and smooth dependence for nonsmooth quasilinear parabolic problems},
  author={Griepentrog, J.A. and Recke, L.},
  journal={Journal of Evolution Equations},
  volume={10},
  number={2},
  pages={341--375},
  year={2010},
  publisher={Springer}
}

@article{hamilton1982three,
  title={{Three-manifolds with positive Ricci curvature}},
  author={Hamilton, R.S.},
  journal={J. Differential Geom.},
  volume={17},
  pages={255--306},
  year={1982},
  publisher={Lehigh University}
}

@article{hanes1972isoperimetric,
  title={Isoperimetric inequalities for manifolds with boundary},
  author={Hanes, Kit},
  journal={Journal of Differential Geometry},
  volume={7},
  number={3-4},
  pages={525--534},
  year={1972},
  publisher={Lehigh University}
}

@article{wheeler2014mean,
  title={Mean curvature flow with free boundary outside a hypersphere},
  author={Wheeler, G. and Wheeler, V.-M.},
  journal={arXiv preprint arXiv:1405.7774},
  year={2014}
}

@article{vmwheeler2012rotsym,
  title={Non-parametric radially symmetric mean curvature flow with a free boundary},
  author={Wheeler, V.-M.},
  journal={Math. Z.},
  volume={276},
  number={1-2},
  pages={281--298},
  year={2014},
  publisher={Springer}
}


@phdthesis{thesisvulcanov,
  title={{Mean curvature flow of graphs with free boundaries}},
  author={Vulcanov, V.-M.},
  journal={},
  school={Freie Universit\"at, Fachbereich Mathematik und Informatik, Berlin, Germany},
  year={2010}
}

@article {ros1995stability,
    AUTHOR = {Ros, Antonio and Vergasta, Enaldo},
     TITLE = {Stability for hypersurfaces of constant mean curvature with
              free boundary},
   JOURNAL = {Geom. Dedicata},
  FJOURNAL = {Geometriae Dedicata},
    VOLUME = {56},
      YEAR = {1995},
    NUMBER = {1},
     PAGES = {19--33},
      ISSN = {0046-5755},
   MRCLASS = {53A10 (49Q10 53A07)},
  MRNUMBER = {1338315},
MRREVIEWER = {Ulrich Dierkes},
       DOI = {10.1007/BF01263611},
       URL = {https://doi.org/10.1007/BF01263611},
}